<?xml version="1.0" encoding="UTF-8"?><collection xmlns="http://www.loc.gov/MARC21/slim"><record><leader>00530nam--2200145-i-4500</leader><controlfield tag="001">000004993</controlfield><controlfield tag="002">20161230</controlfield><controlfield tag="005">20170304204633</controlfield><controlfield tag="008">060222s1000------------r-----000-0-eng-d</controlfield><datafield ind1=" " ind2=" " tag="100"><subfield code="a">Ballarin, Silvio</subfield></datafield><datafield ind1=" " ind2=" " tag="245"><subfield code="a">Relazione sullo stato e andamentodei lavori di riduzione delle misure gravimetriche ese guite per la construzione della carta gravimetrica d Italia</subfield></datafield><datafield ind1=" " ind2=" " tag="260"><subfield code="a">Pisa</subfield><subfield code="b">Tip.Commerciale</subfield><subfield code="c">1959</subfield></datafield><datafield ind1=" " ind2=" " tag="300"><subfield code="a">10 p</subfield></datafield><datafield ind1=" " ind2=" " tag="490"><subfield code="a">Pubblicazioni Della Facolta D Ingegneria Dell Universita Di Pisa</subfield></datafield><datafield ind1=" " ind2=" " tag="CAT"><subfield code="a">SYS</subfield><subfield code="c">20170304</subfield><subfield code="h">204633</subfield></datafield></record></collection>